@online{amazon-web-services-no-date,
	author = {{Amazon Web Services}},
	title = {What is Quantum Computing? - Quantum Computing Explained - AWS},
	url = {https://aws.amazon.com/what-is/quantum-computing/},
}

@video{carcassi-2021,
	author = {given-i=G, given={Gabriele Carcassi}, family=Carcassi},
	date = {2021-10-19},
	title = {What is a quantum system (Quantum Essentials)},
	url = {https://www.youtube.com/watch?v=KLfPLc3xV8I},
}

@video{unknown-author-2023,
	date = {2023-08-15},
	title = {Seminar Recording 15 August 2023},
	url = {https://canvas.sydney.edu.au/courses/52278/pages/seminar-recording-15-august-2023?module_item_id=2083837},
}
